[gd_scene load_steps=14 format=3 uid="uid://cfgd1xwuln76x"]

[ext_resource type="Theme" uid="uid://5rv18mh435uu" path="res://元件/UI/theme.tres" id="1_7mt2a"]
[ext_resource type="Script" path="res://主菜单/menu.gd" id="1_njvme"]
[ext_resource type="FontFile" uid="uid://vtntq8wd80xi" path="res://素材/字体/STLITI.TTF" id="3_no4ro"]
[ext_resource type="AudioStream" uid="uid://d26evd4ullpcx" path="res://素材/音乐/插曲_1.ogg" id="4_0rn8r"]
[ext_resource type="Texture2D" uid="uid://cunuv07jc8xgk" path="res://素材/图像/封面.jpg" id="4_woafi"]
[ext_resource type="Theme" uid="uid://b7pg4xjyc25qs" path="res://元件/UI/menu_normal_theme.tres" id="5_sn6bk"]
[ext_resource type="AudioStream" uid="uid://b64fh5rblsn08" path="res://素材/FX/menu_UI.mp3" id="7_xdgej"]
[ext_resource type="PackedScene" uid="uid://d2n8u01qk0fr7" path="res://主菜单/帮助页面/HelpPage.tscn" id="8_8r50q"]
[ext_resource type="PackedScene" uid="uid://0ogat1l7ss6l" path="res://主菜单/制作者名单/CreditPage.tscn" id="9_fgpvo"]

[sub_resource type="Animation" id="Animation_h6hba"]
length = 0.001
tracks/0/type = "value"
tracks/0/imported = false
tracks/0/enabled = true
tracks/0/path = NodePath("plate:modulate")
tracks/0/interp = 1
tracks/0/loop_wrap = true
tracks/0/keys = {
"times": PackedFloat32Array(0),
"transitions": PackedFloat32Array(1),
"update": 0,
"values": [Color(1, 1, 1, 1)]
}

[sub_resource type="Animation" id="Animation_whr0k"]
resource_name = "fade_in"
length = 5.0
tracks/0/type = "value"
tracks/0/imported = false
tracks/0/enabled = true
tracks/0/path = NodePath("plate:modulate")
tracks/0/interp = 1
tracks/0/loop_wrap = true
tracks/0/keys = {
"times": PackedFloat32Array(-0.6, 1.1, 3),
"transitions": PackedFloat32Array(1, 1, 1),
"update": 0,
"values": [Color(1, 1, 1, 0), Color(1, 1, 1, 0), Color(1, 1, 1, 1)]
}

[sub_resource type="AnimationLibrary" id="AnimationLibrary_p3tb2"]
_data = {
"RESET": SubResource("Animation_h6hba"),
"fade_in": SubResource("Animation_whr0k")
}

[sub_resource type="LabelSettings" id="LabelSettings_uuiyk"]
font = ExtResource("3_no4ro")
font_size = 120
outline_size = 5
outline_color = Color(1, 1, 0.0862745, 1)

[node name="Menu" type="Control"]
layout_mode = 3
anchors_preset = 15
anchor_right = 1.0
anchor_bottom = 1.0
grow_horizontal = 2
grow_vertical = 2
focus_next = NodePath("plate/Choice/Start")
script = ExtResource("1_njvme")

[node name="TextureRect" type="TextureRect" parent="."]
layout_mode = 1
anchors_preset = 15
anchor_right = 1.0
anchor_bottom = 1.0
offset_top = -252.0
offset_bottom = 252.0
grow_horizontal = 2
grow_vertical = 2
focus_next = NodePath("../plate/Choice/Start")
texture = ExtResource("4_woafi")
expand_mode = 4
stretch_mode = 4

[node name="Animation" type="AnimationPlayer" parent="."]
libraries = {
"": SubResource("AnimationLibrary_p3tb2")
}
autoplay = "fade_in"

[node name="plate" type="Control" parent="."]
layout_mode = 1
anchors_preset = 15
anchor_right = 1.0
anchor_bottom = 1.0
grow_horizontal = 2
grow_vertical = 2

[node name="Label" type="Label" parent="plate"]
layout_mode = 1
anchors_preset = -1
anchor_right = 0.602431
anchor_bottom = 0.403914
offset_bottom = 0.264008
grow_horizontal = 2
theme = ExtResource("1_7mt2a")
text = "榕-Banyan"
label_settings = SubResource("LabelSettings_uuiyk")
horizontal_alignment = 1
vertical_alignment = 1
metadata/_edit_use_anchors_ = true

[node name="Choice" type="VBoxContainer" parent="plate"]
layout_mode = 1
anchors_preset = -1
anchor_top = 0.473617
anchor_right = 0.541667
anchor_bottom = 1.0
offset_top = 0.0959778
grow_horizontal = 2
grow_vertical = 0
theme = ExtResource("5_sn6bk")
metadata/_edit_use_anchors_ = true

[node name="Start" type="Button" parent="plate/Choice"]
layout_mode = 2
size_flags_horizontal = 4
focus_neighbor_top = NodePath("../Exit")
focus_neighbor_bottom = NodePath("../Help")
focus_next = NodePath("../Help")
focus_previous = NodePath("../Exit")
text = "开始-Start"

[node name="Help" type="Button" parent="plate/Choice"]
layout_mode = 2
size_flags_horizontal = 4
focus_neighbor_top = NodePath("../Start")
focus_neighbor_bottom = NodePath("../Credit")
focus_next = NodePath("../Credit")
focus_previous = NodePath("../Start")
text = "帮助-Help"

[node name="Credit" type="Button" parent="plate/Choice"]
layout_mode = 2
size_flags_horizontal = 4
focus_neighbor_top = NodePath("../Help")
focus_neighbor_bottom = NodePath("../Exit")
focus_next = NodePath("../Exit")
focus_previous = NodePath("../Help")
text = "制作团队-Credit"

[node name="Exit" type="Button" parent="plate/Choice"]
layout_mode = 2
size_flags_horizontal = 4
focus_neighbor_top = NodePath("../Credit")
focus_neighbor_bottom = NodePath("../Start")
focus_next = NodePath("../Start")
focus_previous = NodePath("../Credit")
text = "退出-Exit"

[node name="BGM" type="AudioStreamPlayer" parent="."]
stream = ExtResource("4_0rn8r")
volume_db = -15.0
autoplay = true

[node name="UI" type="AudioStreamPlayer" parent="."]
stream = ExtResource("7_xdgej")
volume_db = -17.07
bus = &"button"

[node name="Popups" type="MarginContainer" parent="."]
layout_mode = 1
anchors_preset = 15
anchor_right = 1.0
anchor_bottom = 1.0
grow_horizontal = 2
grow_vertical = 2
mouse_filter = 2
theme_override_constants/margin_left = 20
theme_override_constants/margin_top = 20
theme_override_constants/margin_right = 20
theme_override_constants/margin_bottom = 20

[node name="HelpPage" parent="Popups" instance=ExtResource("8_8r50q")]
unique_name_in_owner = true
visible = false
layout_mode = 2

[node name="CreditPage" parent="Popups" instance=ExtResource("9_fgpvo")]
unique_name_in_owner = true
visible = false
layout_mode = 2

[connection signal="mouse_entered" from="plate/Choice/Start" to="." method="_on_start_mouse_entered"]
[connection signal="pressed" from="plate/Choice/Start" to="." method="_on_start_pressed"]
[connection signal="mouse_entered" from="plate/Choice/Help" to="." method="_on_help_mouse_entered"]
[connection signal="pressed" from="plate/Choice/Help" to="." method="_on_help_pressed"]
[connection signal="mouse_entered" from="plate/Choice/Credit" to="." method="_on_credit_mouse_entered"]
[connection signal="pressed" from="plate/Choice/Credit" to="." method="_on_credit_pressed"]
[connection signal="mouse_entered" from="plate/Choice/Exit" to="." method="_on_exit_mouse_entered"]
[connection signal="pressed" from="plate/Choice/Exit" to="." method="_on_exit_pressed"]
