[gd_scene load_steps=13 format=3 uid="uid://d0tjc7f1wmsah"]

[ext_resource type="Script" path="res://主菜单/menu.gd" id="1_enhf4"]
[ext_resource type="Texture2D" uid="uid://cunuv07jc8xgk" path="res://素材/图像/封面.jpg" id="2_wpc8q"]
[ext_resource type="Theme" uid="uid://5rv18mh435uu" path="res://元件/UI/theme.tres" id="3_ggovt"]
[ext_resource type="FontFile" uid="uid://vtntq8wd80xi" path="res://素材/字体/STLITI.TTF" id="4_3ig5l"]
[ext_resource type="Theme" uid="uid://b7pg4xjyc25qs" path="res://元件/UI/menu_normal_theme.tres" id="5_ueog4"]
[ext_resource type="AudioStream" uid="uid://d21wlt86p82o3" path="res://素材/音乐/插曲_2.ogg" id="6_lm3s5"]
[ext_resource type="AudioStream" uid="uid://b64fh5rblsn08" path="res://素材/FX/menu_UI.mp3" id="7_vrwce"]

[sub_resource type="Animation" id="Animation_h6hba"]
length = 0.001
tracks/0/type = "value"
tracks/0/imported = false
tracks/0/enabled = true
tracks/0/path = NodePath("MarginContainer/Words/1:modulate")
tracks/0/interp = 1
tracks/0/loop_wrap = true
tracks/0/keys = {
"times": PackedFloat32Array(0),
"transitions": PackedFloat32Array(1),
"update": 0,
"values": [Color(1, 1, 1, 0)]
}
tracks/1/type = "value"
tracks/1/imported = false
tracks/1/enabled = true
tracks/1/path = NodePath("MarginContainer/Words/2:modulate")
tracks/1/interp = 1
tracks/1/loop_wrap = true
tracks/1/keys = {
"times": PackedFloat32Array(0),
"transitions": PackedFloat32Array(1),
"update": 0,
"values": [Color(1, 1, 1, 1)]
}
tracks/2/type = "value"
tracks/2/imported = false
tracks/2/enabled = true
tracks/2/path = NodePath("MarginContainer/Words/3:modulate")
tracks/2/interp = 1
tracks/2/loop_wrap = true
tracks/2/keys = {
"times": PackedFloat32Array(0),
"transitions": PackedFloat32Array(1),
"update": 0,
"values": [Color(1, 1, 1, 1)]
}
tracks/3/type = "value"
tracks/3/imported = false
tracks/3/enabled = true
tracks/3/path = NodePath("MarginContainer/Words/4:modulate")
tracks/3/interp = 1
tracks/3/loop_wrap = true
tracks/3/keys = {
"times": PackedFloat32Array(0),
"transitions": PackedFloat32Array(1),
"update": 0,
"values": [Color(1, 1, 1, 1)]
}
tracks/4/type = "value"
tracks/4/imported = false
tracks/4/enabled = true
tracks/4/path = NodePath("Label/Label:modulate")
tracks/4/interp = 1
tracks/4/loop_wrap = true
tracks/4/keys = {
"times": PackedFloat32Array(0),
"transitions": PackedFloat32Array(1),
"update": 0,
"values": [Color(1, 1, 1, 1)]
}
tracks/5/type = "value"
tracks/5/imported = false
tracks/5/enabled = true
tracks/5/path = NodePath("Choice:modulate")
tracks/5/interp = 1
tracks/5/loop_wrap = true
tracks/5/keys = {
"times": PackedFloat32Array(0),
"transitions": PackedFloat32Array(1),
"update": 0,
"values": [Color(1, 1, 1, 1)]
}
tracks/6/type = "value"
tracks/6/imported = false
tracks/6/enabled = true
tracks/6/path = NodePath("Label:self_modulate")
tracks/6/interp = 1
tracks/6/loop_wrap = true
tracks/6/keys = {
"times": PackedFloat32Array(0),
"transitions": PackedFloat32Array(1),
"update": 0,
"values": [Color(1, 1, 1, 1)]
}

[sub_resource type="Animation" id="Animation_whr0k"]
resource_name = "fade_in"
length = 5.0

[sub_resource type="Animation" id="Animation_cwj8u"]
resource_name = "the_end"
length = 20.0
tracks/0/type = "value"
tracks/0/imported = false
tracks/0/enabled = true
tracks/0/path = NodePath("MarginContainer/Words/1:modulate")
tracks/0/interp = 1
tracks/0/loop_wrap = true
tracks/0/keys = {
"times": PackedFloat32Array(0, 1),
"transitions": PackedFloat32Array(1, 1),
"update": 0,
"values": [Color(1, 1, 1, 0), Color(1, 1, 1, 1)]
}
tracks/1/type = "value"
tracks/1/imported = false
tracks/1/enabled = true
tracks/1/path = NodePath("MarginContainer/Words/2:modulate")
tracks/1/interp = 1
tracks/1/loop_wrap = true
tracks/1/keys = {
"times": PackedFloat32Array(2, 3.1),
"transitions": PackedFloat32Array(1, 1),
"update": 0,
"values": [Color(1, 1, 1, 0), Color(1, 1, 1, 1)]
}
tracks/2/type = "value"
tracks/2/imported = false
tracks/2/enabled = true
tracks/2/path = NodePath("MarginContainer/Words/3:modulate")
tracks/2/interp = 1
tracks/2/loop_wrap = true
tracks/2/keys = {
"times": PackedFloat32Array(4.1, 5),
"transitions": PackedFloat32Array(1, 1),
"update": 0,
"values": [Color(1, 1, 1, 0), Color(1, 1, 1, 1)]
}
tracks/3/type = "value"
tracks/3/imported = false
tracks/3/enabled = true
tracks/3/path = NodePath("MarginContainer/Words/4:modulate")
tracks/3/interp = 1
tracks/3/loop_wrap = true
tracks/3/keys = {
"times": PackedFloat32Array(6, 7, 7.0001),
"transitions": PackedFloat32Array(1, 1, 1),
"update": 0,
"values": [Color(1, 1, 1, 0), Color(1, 1, 1, 1), Color(1, 1, 1, 1)]
}
tracks/4/type = "value"
tracks/4/imported = false
tracks/4/enabled = true
tracks/4/path = NodePath("Label/Label:modulate")
tracks/4/interp = 1
tracks/4/loop_wrap = true
tracks/4/keys = {
"times": PackedFloat32Array(8, 10.1),
"transitions": PackedFloat32Array(1, 1),
"update": 0,
"values": [Color(1, 1, 1, 0), Color(1, 1, 1, 1)]
}
tracks/5/type = "value"
tracks/5/imported = false
tracks/5/enabled = true
tracks/5/path = NodePath("Choice:modulate")
tracks/5/interp = 1
tracks/5/loop_wrap = true
tracks/5/keys = {
"times": PackedFloat32Array(15.1, 16.1),
"transitions": PackedFloat32Array(1, 1),
"update": 0,
"values": [Color(1, 1, 1, 0), Color(1, 1, 1, 1)]
}
tracks/6/type = "value"
tracks/6/imported = false
tracks/6/enabled = true
tracks/6/path = NodePath("Label:self_modulate")
tracks/6/interp = 1
tracks/6/loop_wrap = true
tracks/6/keys = {
"times": PackedFloat32Array(10.1, 13.1),
"transitions": PackedFloat32Array(1, 1),
"update": 0,
"values": [Color(1, 1, 1, 0), Color(1, 1, 1, 1)]
}

[sub_resource type="AnimationLibrary" id="AnimationLibrary_p3tb2"]
_data = {
"RESET": SubResource("Animation_h6hba"),
"fade_in": SubResource("Animation_whr0k"),
"the_end": SubResource("Animation_cwj8u")
}

[sub_resource type="LabelSettings" id="LabelSettings_iph4w"]
font = ExtResource("4_3ig5l")
font_size = 75
outline_size = 5
outline_color = Color(1, 1, 0.0862745, 1)

[node name="Menu" type="Control"]
layout_mode = 3
anchors_preset = 15
anchor_right = 1.0
anchor_bottom = 1.0
grow_horizontal = 2
grow_vertical = 2
theme = ExtResource("3_ggovt")
script = ExtResource("1_enhf4")

[node name="TextureRect" type="TextureRect" parent="."]
layout_mode = 1
anchors_preset = 15
anchor_right = 1.0
anchor_bottom = 1.0
offset_top = -252.0
offset_bottom = 252.0
grow_horizontal = 2
grow_vertical = 2
texture = ExtResource("2_wpc8q")
expand_mode = 4
stretch_mode = 4

[node name="Animation" type="AnimationPlayer" parent="."]
libraries = {
"": SubResource("AnimationLibrary_p3tb2")
}
autoplay = "the_end"

[node name="BGM" type="AudioStreamPlayer" parent="."]
stream = ExtResource("6_lm3s5")
volume_db = -10.0
autoplay = true

[node name="UI" type="AudioStreamPlayer" parent="."]
stream = ExtResource("7_vrwce")
volume_db = -17.07
bus = &"button"

[node name="Label" type="Label" parent="."]
layout_mode = 1
anchors_preset = 2
anchor_top = 1.0
anchor_bottom = 1.0
offset_left = 90.0
offset_top = -107.0
offset_right = 395.0
offset_bottom = -27.0
grow_vertical = 0
theme = ExtResource("3_ggovt")
text = "榕-Banyan"
label_settings = SubResource("LabelSettings_iph4w")
horizontal_alignment = 1
vertical_alignment = 1

[node name="Label" type="Label" parent="Label"]
layout_mode = 0
offset_left = -16.0
offset_top = -27.0
offset_right = 321.0
offset_bottom = 5.0
theme_override_font_sizes/font_size = 30
text = "感谢游玩！- Thanks for playing!"

[node name="Choice" type="VBoxContainer" parent="."]
layout_mode = 1
anchors_preset = 3
anchor_left = 1.0
anchor_top = 1.0
anchor_right = 1.0
anchor_bottom = 1.0
offset_left = -366.0
offset_top = -202.0
offset_right = -59.0
offset_bottom = -64.0
grow_horizontal = 0
grow_vertical = 0
theme = ExtResource("5_ueog4")

[node name="Credit" type="Button" parent="Choice"]
layout_mode = 2
size_flags_horizontal = 4
theme_override_font_sizes/font_size = 40
text = "制作团队-Credit"

[node name="Exit" type="Button" parent="Choice"]
layout_mode = 2
size_flags_horizontal = 4
theme_override_font_sizes/font_size = 40
text = "退出-Exit"

[node name="MarginContainer" type="MarginContainer" parent="."]
layout_mode = 1
anchors_preset = 15
anchor_right = 1.0
anchor_bottom = 1.0
offset_left = 79.0
offset_right = -479.0
offset_bottom = -175.0
grow_horizontal = 2
grow_vertical = 2

[node name="Words" type="VBoxContainer" parent="MarginContainer"]
layout_mode = 2
alignment = 1

[node name="1" type="Label" parent="MarginContainer/Words"]
modulate = Color(1, 1, 1, 0)
layout_mode = 2
theme_override_colors/font_outline_color = Color(0.839216, 0.839216, 0, 1)
theme_override_constants/outline_size = 5
theme_override_font_sizes/font_size = 51
text = "突围之路，荆棘密布，"

[node name="2" type="Label" parent="MarginContainer/Words"]
layout_mode = 2
theme_override_colors/font_outline_color = Color(0.839216, 0.839216, 0, 1)
theme_override_constants/outline_size = 5
theme_override_font_sizes/font_size = 51
text = "援救之手，力量无穷。
"

[node name="3" type="Label" parent="MarginContainer/Words"]
layout_mode = 2
theme_override_colors/font_outline_color = Color(0.839216, 0.839216, 0, 1)
theme_override_constants/outline_size = 5
theme_override_font_sizes/font_size = 51
text = "反击之志，坚如磐石，"

[node name="4" type="Label" parent="MarginContainer/Words"]
layout_mode = 2
theme_override_colors/font_outline_color = Color(0.839216, 0.839216, 0, 1)
theme_override_constants/outline_size = 5
theme_override_font_sizes/font_size = 51
text = "英雄之魂，永载史册。"

[connection signal="mouse_entered" from="Choice/Credit" to="." method="_on_credit_mouse_entered"]
[connection signal="pressed" from="Choice/Credit" to="." method="_on_credit_pressed"]
[connection signal="mouse_entered" from="Choice/Exit" to="." method="_on_exit_mouse_entered"]
[connection signal="pressed" from="Choice/Exit" to="." method="_on_exit_pressed"]
